@inproceedings{lowe2019putting,
  title={Putting an End to End-to-End: Gradient-Isolated Learning of Representations},
  author={L{\"o}we, Sindy and O'Connor, Peter and Veeling, Bastiaan},
  booktitle={Advances in Neural Information Processing Systems},
  pages={3039--3051},
  year={2019}
}